%Finding k-points for band structure plot:

%http://www.cryst.ehu.es/

%Brioullion zone:

%http://www.cryst.ehu.es/cgi-bin/cryst/programs/nph-kv-list?gnum=12&fig=f2omc&what=optimized

%Info Ga2O3:

%http://www.ipme.ru/e-journals/RAMS/no_14416/06_14416_stepanov.pdf

@article{dft_ga2o3,
  title={Oxygen vacancies and donor impurities in $\beta$-{G}a$_2${O}$_3$},
  author={Varley, JB and Weber, JR and Janotti, A and Van de Walle, CG},
  journal={Applied Physics Letters},
  volume={97},
  number={14},
  pages={142106},
  year={2010},
  publisher={AIP}
}

@article{vasp1,
  title={Ab initio molecular dynamics for liquid metals},
  author={G. Kresse and J. Hafner.},
  journal={Phys. Rev. B},
  volume={47:558},
  year={1993},

}

@article{vasp2,
  title={Ab initio molecular-dynamics simulation of the liquid-metal-amorphous-semiconductor transition in germanium},
  author={G. Kresse and J. Hafner.},
  journal={Phys. Rev. B},
  volume={49:14251},
  year={1994},
}

@article{vasp3,
  title={Efficiency of ab-initio total energy calculations for metals and semiconductors using a plane-wave basis set},
  author={G. Kresse and J. Furthmüller},
  journal={Comput. Mat. Sci.},
  volume={ 6:15},
  year={1996},
}

@article{vasp4,
  title={Efficient iterative schemes for ab initio total-energy calculations using a plane-wave basis set},
  author={G. Kresse and J. Furthmüller},
  journal={Phys. Rev. B},
  volume={54:11169},
  year={1996},
}

@misc{berland, title={Brief Introduction to the Density Functional Theory}, publisher={Department of Physics, University of Oslo}, author={Persson, Clas and Berland, Kristian}}
%Lecture Notes to MSc course FYS-MENA4111 - Quantum Mechanical Modeling of Nano-Materials at University of Oslo.

@book{sholl,
  title={Density functional theory: a practical introduction},
  author={Sholl, David and Steckel, Janice A},
  year={2011},
  publisher={John Wiley \& Sons}
}